@article{pyautolens,
author = {Nightingale, James and Hayes, Richard and Kelly, Ashley and Amvrosiadis, Aristeidis and Etherington, Amy and He, Qiuhan and Li, Nan and Cao, XiaoYue and Frawley, Jonathan and Cole, Shaun and Enia, Andrea and Frenk, Carlos and Harvey, David and Li, Ran and Massey, Richard and Negrello, M. and Robertson, Andrew},
year = {2021},
month = {02},
pages = {2825},
title = {PyAutoLens: Open-Source Strong Gravitational Lensing},
volume = {6},
journal = {Journal of Open Source Software},
doi = {10.21105/joss.02825}
}


@article{astro1,
author = {Bramburger, Jason and Alexander, Stephon and McDonough, Evan},
year = {2019},
month = {08},
pages = {},
title = {Dark disk substructure and superfluid dark matter},
journal = {Physics Letters B},
doi = {10.1016/j.physletb.2019.134871}
}

@article{astro2,
author = {Powell, Devon and Vegetti, S. and McKean, John and Spingola, Cristiana and Rizzo, Francesca and Stacey, Hannah},
year = {2020},
month = {09},
pages = {},
title = {A novel approach to visibility-space modelling of interferometric gravitational lens observations at high angular resolution},
volume = {501},
journal = {Monthly Notices of the Royal Astronomical Society},
doi = {10.1093/mnras/staa2740}
}


@article{astro3,
author = {Birrer, Simon and Shajib, Anowar and Gilman, Daniel and Galan, Aymeric and Aalbers, Jelle and Millon, Martin and Morgan, Robert and Pagano, Giulia and Park, Ji and Teodori, Luca and Tessore, Nicolas and Ueland, Madison and Vyvere, Lyne and Wempe, Ewoud and Yang, Lilan and Ding, Xuheng and Schmidt, Thomas and Sluse, Dominique and Amara, Adam},
year = {2021},
month = {06},
pages = {},
journal = {''},
title = {lenstronomy II: A gravitational lensing software ecosystem}
}

@article{astro4,
author = {Nightingale, James and Hayes, Richard and Kelly, Ashley and Amvrosiadis, Aristeidis and Etherington, Amy and He, Qiuhan and Li, Nan and Cao, XiaoYue and Frawley, Jonathan and Cole, Shaun and Enia, Andrea and Frenk, Carlos and Harvey, David and Li, Ran and Massey, Richard and Negrello, M. and Robertson, Andrew},
year = {2021},
month = {06},
pages = {},
journal = {''},
title = {PyAutoLens: Open-Source Strong Gravitational Lensing}
}


@article{astro5,
author = {Maresca, Jacob and Dye, Simon and Li, Nan},
year = {2021},
month = {02},
pages = {},
title = {Auto-identification of unphysical source reconstructions in strong gravitational lens modelling},
volume = {503},
journal = {Monthly Notices of the Royal Astronomical Society},
doi = {10.1093/mnras/stab387}
}

